<?xml version="1.0" encoding="utf-8"?>
<record xmlns="http://www.loc.gov/MARC21/slim" xmlns:xsi="http://www.w3.org/2001/XMLSchema-instance" xsi:schemaLocation="http://www.loc.gov/MARC21/slim http://www.loc.gov/standards/marcxml/schema/MARC21slim.xsd">
	<leader>     nam a22     Mi 4500</leader>
	<controlfield tag="001">5366997</controlfield>
	<controlfield tag="003">NNC</controlfield>
	<controlfield tag="006">m        d        </controlfield>
	<controlfield tag="007">cr cn |||m|||a</controlfield>
	<controlfield tag="008">190509m19391948ua f    ob    000 0 ara  </controlfield>
	<datafield ind1=" " ind2=" " tag="040">
		<subfield code="a">ZYU</subfield>
		<subfield code="b">ara</subfield>
		<subfield code="e">rda</subfield>
		<subfield code="c">ZYU</subfield>
	</datafield>
	<datafield ind1="0" ind2=" " tag="041">
		<subfield code="a">ara</subfield>
		<subfield code="a">fre</subfield>
	</datafield>
	<datafield ind1="0" ind2="4" tag="050">
		<subfield code="a">PJ7701.A13</subfield>
		<subfield code="b">J3</subfield>
	</datafield>
	<datafield ind1="1" ind2=" " tag="100">
		<subfield code="a">Ibn Wahb, ʻAbd Allāh,</subfield>
		<subfield code="d">742 or 743-812 or 813.</subfield>
	</datafield>
	<datafield ind1="1" ind2="3" tag="245">
		<subfield code="a">Le D̲j̲âmiʻ dʹIbn Wahb /</subfield>
		<subfield code="c">édité et commenté par J. David-Weill.</subfield>
	</datafield>
	<datafield ind1="1" ind2=" " tag="246">
		<subfield code="6">880-01</subfield>
		<subfield code="i">Arabic work</subfield>
		<subfield code="a">Jāmiʻ fī al-Ḥadīth </subfield>
	</datafield>
	<datafield ind1=" " ind2=" " tag="260">
		<subfield code="a">Le Caire,</subfield>
		<subfield code="b">Imprimerie de lʹInstitut français dʹarchéologie orientale,</subfield>
		<subfield code="c">1939-48.</subfield>
	</datafield>
	<datafield ind1=" " ind2=" " tag="300">
		<subfield code="a">online resource (2 volumes) :</subfield>
		<subfield code="b">plates</subfield>
	</datafield>
	<datafield ind1=" " ind2=" " tag="336">
		<subfield code="a">text</subfield>
		<subfield code="2">rdacontent</subfield>
	</datafield>
	<datafield ind1=" " ind2=" " tag="337">
		<subfield code="a">computer</subfield>
		<subfield code="2">rdamedia</subfield>
	</datafield>
	<datafield ind1=" " ind2=" " tag="338">
		<subfield code="a">online resource</subfield>
		<subfield code="2">rdacarrier</subfield>
	</datafield>
	<datafield ind1="1" ind2=" " tag="490">
		<subfield code="a">Publications de l'Institut français d'archéologie orientale. Textes arabes,</subfield>
		<subfield code="v">t. 3</subfield>
	</datafield>
	<datafield ind1=" " ind2=" " tag="500">
		<subfield code="a">Text of part of a codex discovered at Tell Idfu. The first three books only, &quot;Livre des généalogies,&quot; &quot;Livre du silence,&quot; and &quot;Livre du sceau,&quot; were in condition to publish. cf. v. 1, Préf.</subfield>
	</datafield>
	<datafield ind1=" " ind2=" " tag="500">
		<subfield code="a">Includes also (v. 1, p. vii-xxvii) text and French translation of the biography of ʼAbd Allāh ibn Wahb from the Cairo manuscript of al-Ḳāḍī ʼIyādʹs Tartib al-madārik wa takrīb al-masālik.</subfield>
	</datafield>
	<datafield ind1=" " ind2=" " tag="500">
		<subfield code="a">&quot;Biographie de ʻAbd-Allāh ibn Wahb (principales sources)&quot;: v. 1, p. xi.</subfield>
	</datafield>
	<datafield ind1=" " ind2=" " tag="500">
		<subfield code="a">Part of the Arabic Collections Online (ACO) project, contributed by Columbia University Libraries.</subfield>
	</datafield>
	<datafield ind1="0" ind2=" " tag="505">
		<subfield code="a">1. Texte et planches--2. Commentaire.</subfield>
	</datafield>
	<datafield ind1=" " ind2=" " tag="504">
		<subfield code="a">&quot;Biographie de ʻAbd-Allāh ibn Wahb (principales sources) &quot;: v. 1, pages xi.</subfield>
	</datafield>
	<datafield ind1=" " ind2=" " tag="533">
		<subfield code="a">Electronic reproduction.</subfield>
		<subfield code="b">New York, N.Y. :</subfield>
		<subfield code="c">New York University,</subfield>
		<subfield code="d">2019.</subfield>
		<subfield code="5">NNU</subfield>
	</datafield>
	<datafield ind1=" " ind2="0" tag="650">
		<subfield code="a">Hadith.</subfield>
	</datafield>
	<datafield ind1=" " ind2="7" tag="650">
		<subfield code="a">Hadith.</subfield>
		<subfield code="2">fast</subfield>
		<subfield code="0">(OCoLC)fst00950112</subfield>
	</datafield>
	<datafield ind1="1" ind2=" " tag="700">
		<subfield code="a">David-Weill, J.</subfield>
		<subfield code="q">(Jean)</subfield>
	</datafield>
	<datafield ind1="2" ind2=" " tag="710">
		<subfield code="a">Columbia University.</subfield>
		<subfield code="b">Libraries.</subfield>
	</datafield>
	<datafield ind1="0" ind2=" " tag="730">
		<subfield code="a">Arabic Collections Online.</subfield>
	</datafield>
	<datafield ind1="0" ind2="8" tag="776">
		<subfield code="i">Print version:</subfield>
		<subfield code="a">Ibn Wahb, ʻAbd Allāh, 742 or 743-812 or 813.</subfield>
		<subfield code="t">Le D̲j̲âmiʻ dʹIbn Wahb</subfield>
		<subfield code="w">(NNC)5366997</subfield>
		<subfield code="w">(DLC)   44050206 </subfield>
		<subfield code="w">(OCoLC)8724543</subfield>
	</datafield>
	<datafield ind1="2" ind2=" " tag="810">
		<subfield code="a">Institut français d'archéologie orientale du Caire.</subfield>
		<subfield code="t">Textes arabes et études islamiques ;</subfield>
		<subfield code="v">t. 3.</subfield>
	</datafield>
	<datafield ind1="4" ind2="0" tag="856">
		<subfield code="u">http://hdl.handle.net/2333.1/sj3txjmt</subfield>
	</datafield>
	<datafield ind1="1" ind2=" " tag="880">
		<subfield code="6">246-01</subfield>
		<subfield code="i">النص العربي:</subfield>
		<subfield code="a">الجامع في الحديث /</subfield>
		<subfield code="g">لعبد الله بن وهب</subfield>
	</datafield>
	<datafield ind1=" " ind2=" " tag="959">
		<subfield code="a">NNU</subfield>
		<subfield code="b">WEB</subfield>
		<subfield code="c">GENI</subfield>
		<subfield code="t">0</subfield>
		<subfield code="m">Electronic access</subfield>
		<subfield code="s">01</subfield>
	</datafield>
	<datafield ind1=" " ind2=" " tag="999">
		<subfield code="i">NNC_5366997</subfield>
		<subfield code="o">(OCoLC)ocm08724543</subfield>
		<subfield code="s">columbia_aco003866:v.3:1-2</subfield>
		<subfield code="e">(ERROR-880)</subfield>
		<subfield code="s">columbia_aco003866:v.3:1-2</subfield>
	</datafield>
</record>
